<?xml version="1.0" encoding="UTF-8"?><collection xmlns="http://www.loc.gov/MARC21/slim"><record><leader>00481nam--2200181-i-4500</leader><controlfield tag="001">000016070</controlfield><controlfield tag="002">20161230</controlfield><controlfield tag="005">20170209155757</controlfield><controlfield tag="008">060222s1000------------r-----000-0-eng-d</controlfield><datafield ind1=" " ind2=" " tag="040"><subfield code="a">IFIN-HH</subfield></datafield><datafield ind1=" " ind2=" " tag="080"><subfield code="a">517.986.32</subfield></datafield><datafield ind1=" " ind2=" " tag="100"><subfield code="a">Araki, Huzihiro</subfield></datafield><datafield ind1=" " ind2=" " tag="245"><subfield code="a">C algebra approach in quantum statistical mechanics</subfield></datafield><datafield ind1=" " ind2=" " tag="260"><subfield code="a">Maryland</subfield><subfield code="b">University Of Maryland</subfield><subfield code="c">1967</subfield></datafield><datafield ind1=" " ind2=" " tag="300"><subfield code="a">57 p</subfield></datafield><datafield ind1=" " ind2=" " tag="490"><subfield code="a">Technical Report</subfield><subfield code="v">728</subfield></datafield><datafield ind1=" " ind2=" " tag="852"><subfield code="a">76813</subfield><subfield code="c">517.9</subfield></datafield><datafield ind1=" " ind2=" " tag="CAT"><subfield code="a">SYS</subfield><subfield code="c">20170209</subfield><subfield code="h">155757</subfield></datafield></record></collection>